<record><leader>00000cas a22000007a 4500</leader><controlfield tag="001">40173092</controlfield><controlfield tag="007">hd afu---caca</controlfield><controlfield tag="008">981027d185u1885aludr n a     0    0eng d</controlfield><datafield ind1=" " ind2=" " tag="010"><subfield code="a">sn 98053260 </subfield></datafield><datafield ind1=" " ind2=" " tag="040"><subfield code="a">HLS</subfield><subfield code="b">eng</subfield><subfield code="c">HLS</subfield><subfield code="d">OCL</subfield><subfield code="d">OCLCQ</subfield><subfield code="d">OCLCF</subfield><subfield code="d">OCLCQ</subfield></datafield><datafield ind1=" " ind2=" " tag="012"><subfield code="i">9810</subfield></datafield><datafield ind1=" " ind2=" " tag="042"><subfield code="a">msc</subfield></datafield><datafield ind1=" " ind2=" " tag="043"><subfield code="a">n-us-al</subfield></datafield><datafield ind1="0" ind2=" " tag="130"><subfield code="a">Montgomery daily advertiser (Montgomery, Ala. : 1858)</subfield></datafield><datafield ind1="1" ind2="0" tag="245"><subfield code="a">Montgomery daily advertiser.</subfield></datafield><datafield ind1="3" ind2="0" tag="246"><subfield code="a">Montgomery advertiser</subfield></datafield><datafield ind1="1" ind2="7" tag="246"><subfield code="a">Daily advertiser</subfield></datafield><datafield ind1="1" ind2="7" tag="246"><subfield code="a">Advertiser and mail</subfield></datafield><datafield ind1=" " ind2=" " tag="260"><subfield code="a">Montgomery, Ala. :</subfield><subfield code="b">Cloud &amp; Shorter,</subfield><subfield code="c">-1885.</subfield></datafield><datafield ind1=" " ind2=" " tag="300"><subfield code="a">volumes</subfield></datafield><datafield ind1=" " ind2=" " tag="310"><subfield code="a">Daily (except Monday)</subfield></datafield><datafield ind1=" " ind2=" " tag="336"><subfield code="a">text</subfield><subfield code="b">txt</subfield><subfield code="2">rdacontent</subfield></datafield><datafield ind1=" " ind2=" " tag="337"><subfield code="a">microform</subfield><subfield code="b">h</subfield><subfield code="2">rdamedia</subfield></datafield><datafield ind1=" " ind2=" " tag="338"><subfield code="a">microfilm reel</subfield><subfield code="b">hd</subfield><subfield code="2">rdacarrier</subfield></datafield><datafield ind1="0" ind2=" " tag="362"><subfield code="a">-new ser., v. 21, no. 23 (Aug. 15, 1885) = old ser., v. 54.</subfield></datafield><datafield ind1=" " ind2=" " tag="500"><subfield code="a">Published as: Montgomery advertiser, July 21-Sept. 17, 1865.</subfield></datafield><datafield ind1=" " ind2=" " tag="500"><subfield code="a">Publisher varies: Samuel G. Reid, -Nov. 4, 1865 ; Reid and W.W. Screws, Nov. 5, 1865-Jan. 23, 1868 ; W.W. &amp; B.H. Screws, Jan. 24-April 1, 1868; W.W. Screws, April 1, 1868- ; W.W. Screws &amp; M.J. Williams, &lt;1872&gt;-</subfield></datafield><datafield ind1=" " ind2=" " tag="515"><subfield code="a">Suspended Apr.-July 1865.</subfield></datafield><datafield ind1=" " ind2=" " tag="580"><subfield code="a">Weekly eds.: Advertiser and state gazette (Montgomery, Ala. : Weekly), and: Montgomery advertiser and state gazette, and: Montgomery weekly advertiser.</subfield></datafield><datafield ind1=" " ind2=" " tag="588"><subfield code="a">Description based on: Vol. 9, no. 209 (June 17, 1858).</subfield></datafield><datafield ind1=" " ind2=" " tag="533"><subfield code="a">Microfilm.</subfield><subfield code="b">Montgomery, AL :</subfield><subfield code="c">Alabama Department of Archives and History.</subfield><subfield code="e">11 microfilm reels ; 35 mm.</subfield></datafield><datafield ind1=" " ind2="0" tag="651"><subfield code="a">Montgomery (Ala.)</subfield><subfield code="v">Newspapers.</subfield></datafield><datafield ind1=" " ind2="7" tag="651"><subfield code="a">Alabama</subfield><subfield code="z">Montgomery.</subfield><subfield code="2">fast</subfield><subfield code="0">(OCoLC)fst01202689</subfield></datafield><datafield ind1=" " ind2="7" tag="655"><subfield code="a">Newspapers.</subfield><subfield code="2">fast</subfield><subfield code="0">(OCoLC)fst01423814</subfield></datafield><datafield ind1=" " ind2=" " tag="752"><subfield code="a">United States</subfield><subfield code="b">Alabama</subfield><subfield code="c">Montgomery</subfield><subfield code="d">Montgomery.</subfield></datafield><datafield ind1="1" ind2=" " tag="775"><subfield code="t">Advertiser and state gazette (Montgomery, Ala. : Weekly)</subfield><subfield code="w">(DLC)sn 84023545</subfield></datafield><datafield ind1="1" ind2=" " tag="775"><subfield code="t">Montgomery advertiser and state gazette</subfield><subfield code="w">(DLC)sn 85032917</subfield></datafield><datafield ind1="1" ind2=" " tag="775"><subfield code="t">Montgomery weekly advertiser</subfield><subfield code="w">(DLC)sn 84023567</subfield></datafield><datafield ind1="0" ind2=" " tag="775"><subfield code="t">Advertiser and state gazette (Montgomery, Ala. : Triweekly)</subfield><subfield code="w">(DLC)sn 84023546</subfield></datafield><datafield ind1="0" ind2=" " tag="775"><subfield code="t">Montgomery advertiser and state gazette (Montgomery, Ala. : Triweekly)</subfield><subfield code="w">(DLC)sn 86050478</subfield></datafield><datafield ind1="0" ind2="5" tag="780"><subfield code="t">Montgomery daily mail</subfield><subfield code="w">(DLC)sn 84020561</subfield></datafield><datafield ind1="0" ind2="0" tag="785"><subfield code="t">Montgomery advertiser (Montgomery, Ala. : Daily)</subfield><subfield code="w">(DLC)sn 84020645</subfield></datafield><datafield ind1=" " ind2=" " tag="850"><subfield code="a">MH</subfield></datafield><datafield ind1="1" ind2=" " tag="029"><subfield code="a">AU@</subfield><subfield code="b">000025924687</subfield></datafield></record>